@book{carrasco03,
author = {Carrasco, L. },
year = 2003,
title = {The {American Community Survey (ACS) en Espa\~{n}ol}: Using
                  cognitive interviews to test the functional
                  equivalency of questionnaire translations},
series = {Statistical Research Division Research Report
                  Series, Survey Methodology \#2003-17},
publisher = {US Census Bureau},
address = {Washington, DC},
}

@incollection{dept10,
author = {Dept, S. and  Ferrari, A. and  W\"{a}yrynen, L },
year = 2010,
title = { Developments in
translation verification procedures in three multilingual assessments:
A plea for an integrated translation and adaptation monitoring tool},
editor = {Harkness, J. and Braun, M. and Edwards, Brad and Johnson,
                  Timothy P. and Lyberg, Lars and Mohler, Peter
                  Ph. and Pennell, Beth-Ellen and Smith, Tom W.},
booktitle = {Survey methods in multinational, multiregional, and multicultural contexts} ,
pages = {157-173},
publisher = {Wiley},
address = { New York},
}

@unpublished{dorer11,
author = {Dorer, XXX},
year = 2011,
title = { Advance translation in the 5th round of the {European
Social Survey (ESS)}},
note = {FORS Working Paper Series, 2011-4. FORS, Lausanne},
}

@article{fitzgerald11,
author = {Fitzgerald, R. and  Widdop, S. and  Gray, M. and  Collins, D. },
year = 2011,
title = { Identifying
sources of error in cross-national questionnaires: Application of an
error source typology to cognitive interview data},
journal = { Journal of
Official Statistics},
volume = 27,
pages = {569-599},
}


@misc{goerman07,
author = {Goerman, P. and  Caspar, R. },
year = 2007,
title = { A new methodology for the cognitive
testing of translated materials: Testing the source version as a basis
for comparison.},
note = {Proceedings of the Joint Statistical Meetings (Section on Survey Research Methods)},
pages = {3949-3956},
url = {https://www.amstat.org/sections/srms/proceedings/y2007/Files/JSM2007-000719.pdf},
lastchecked = {10/07/2014},
}

